@misc{wiki,
   author = "Wikipedia",
   title = "Internet of things",
   year = "2004",
   url = "\url{https://en.wikipedia.org/wiki/Internet_of_things}",
   note = "[Online; accessed 2016-07-12]"
 }
@misc{abb,
   author = "ABB",
   title = "What is a smart grid?",
   year = "2016",
   url = "\url{http://new.abb.com/smartgrids/what-is-a-smart-grid}",
   note = "[Online; accessed 2016-07-22]"
 }
@misc{Troiano,
   author = "Michael Troiano",
   title = "Internet of Things Drives Growth for Smart Grid Innovation",
   year = "2007-2016",
   url = "\url{http://www.utilityproducts.com/articles/print/volume-19/issue-4/feature-stories/internet-of-things-drives-growth-for-smart-grid-innovation.html }",
   note = "[Online; accessed 2016-07-22]"
 }
@inproceedings{campbell2011smart,
  title={The Smart Grid and Cybersecurity: Regulatory Policy and Issues},
  author={Campbell, Richard J},
  year={2011},
  organization={Congressional Research Service, Library of Congress}
}
@article{rajasegarar2008anomaly,
  title={Anomaly detection in wireless sensor networks},
  author={Rajasegarar, Sutharshan and Leckie, Christopher and Palaniswami, Marimuthu},
  journal={IEEE Wireless Communications},
  volume={15},
  number={4},
  pages={34--40},
  year={2008},
  publisher={IEEE}
}
@article{ericsson2010cyber,
  title={Cyber security and power system communicationâ€”essential parts of a smart grid infrastructure},
  author={Ericsson, G{\"o}ran N},
  journal={IEEE Transactions on Power Delivery},
  volume={25},
  number={3},
  pages={1501--1507},
  year={2010},
  publisher={IEEE}
}
@article{fadlullah2011early,
  title={An early warning system against malicious activities for smart grid communications},
  author={Fadlullah, Zubair Md and Fouda, Mostafa M and Kato, Nei and Shen, Xuemin and Nozaki, Yousuke},
  journal={IEEE Network},
  volume={25},
  number={5},
  pages={50--55},
  year={2011},
  publisher={IEEE}
}
@misc{Bill,
   author = "Bill Gertz",
   title = "FBI Warns of Cyber Threat to Electric Grid",
   year = "2016",
   url = "\url{http://freebeacon.com/issues/fbi-warns-cyber-threat-electric-grid/}",
   note = "[Online; accessed 2016-07-22]"
}
@article{anwar2014cyber,
  title={Cyber security of smart grid infrastructure},
  author={Anwar, Adnan and Mahmood, Abdun Naser},
  journal={arXiv preprint arXiv:1401.3936},
  year={2014}
}
@article{mcmillan2010siemens,
  title={Siemens: Stuxnet worm hit industrial systems},
  author={McMillan, Robert},
  journal={Computerworld},
  volume={14},
  year={2010}
}
@article{cherry2010stuxnet,
  title={How Stuxnet is rewriting the cyberterrorism playbook},
  author={Cherry, Steven and Langner, R},
  journal={Proceedings of the IEEE Spectrum},
  year={2010}
}
@article{force2004final,
  title={Final Report on the August 14, 2003 Blackout in the United States and Canada},
  author={Force, Task},
  journal={US Department of Energy},
  year={2004}
}
@misc{AnnualReport,
   author = "Annual report 2011",
   title = "The Repository for Industrial Security Incidents (RISI)",
   year = "2011",
   url = "\url{http://www.securityincidents.net/index.php/products/indepth/risi_annual_report/}",
   note = "[Online; accessed 2016-07-22]"
}
@article{lai2015big,
  title={Big Data Analytics for Smart Grid},
  author={Lai, CS and McCulloch, Malcolm D},
  journal={Newsletter},
  year={2015}
}
@article{zhang2011distributed,
  title={Distributed intrusion detection system in a multi-layer network architecture of smart grids},
  author={Zhang, Yichi and Wang, Lingfeng and Sun, Weiqing and Green II, Robert C and Alam, Mansoor},
  journal={IEEE Transactions on Smart Grid},
  volume={2},
  number={4},
  pages={796--808},
  year={2011},
  publisher={IEEE}
}
@book{gellings2009smart,
  title={The smart grid: enabling energy efficiency and demand response},
  author={Gellings, Clark W},
  year={2009},
  publisher={The Fairmont Press, Inc.}
}
@article{ozay2015machine,
  title={Machine learning methods for attack detection in the smart grid},
  author={Ozay, Mete and Esnaola, Inaki and Vural, Fatos Tunay Yarman and Kulkarni, Sanjeev R and Poor, H Vincent},
  year={2015},
  publisher={IEEE}
}
@article{kosut2011malicious,
  title={Malicious data attacks on the smart grid},
  author={Kosut, Oliver and Jia, Liyan and Thomas, Robert J and Tong, Lang},
  journal={IEEE Transactions on Smart Grid},
  volume={2},
  number={4},
  pages={645--658},
  year={2011},
  publisher={IEEE}
}
@article{liu2011false,
  title={False data injection attacks against state estimation in electric power grids},
  author={Liu, Yao and Ning, Peng and Reiter, Michael K},
  journal={ACM Transactions on Information and System Security (TISSEC)},
  volume={14},
  number={1},
  pages={13},
  year={2011},
  publisher={ACM}
}
@article{chandola2009anomaly,
  title={Anomaly detection: A survey},
  author={Chandola, Varun and Banerjee, Arindam and Kumar, Vipin},
  journal={ACM computing surveys (CSUR)},
  volume={41},
  number={3},
  pages={15},
  year={2009},
  publisher={ACM}
}
@inproceedings{leung2005unsupervised,
  title={Unsupervised anomaly detection in network intrusion detection using clusters},
  author={Leung, Kingsly and Leckie, Christopher},
  booktitle={Proceedings of the Twenty-eighth Australasian conference on Computer Science-Volume 38},
  pages={333--342},
  year={2005},
  organization={Australian Computer Society, Inc.}
}
@inproceedings{grabusts2002using,
  title={Using Grid-Clustering Methods in Data Classification.},
  author={Grabusts, Peter and Borisov, Arkady},
  booktitle={PARELEC},
  volume={2},
  pages={425},
  year={2002}
}
@inproceedings{aiello2014smart,
  title={The smart grid's data generating potentials},
  author={Aiello, Marco and Pagani, Giuliano Andrea},
  booktitle={Computer Science and Information Systems (FedCSIS), 2014 Federated Conference on},
  pages={9--16},
  year={2014},
  organization={IEEE}
}
@article{depuru2011electricity,
  title={Electricity theft: Overview, issues, prevention and a smart meter based approach to control theft},
  author={Depuru, Soma Shekara Sreenadh Reddy and Wang, Lingfeng and Devabhaktuni, Vijay},
  journal={Energy Policy},
  volume={39},
  number={2},
  pages={1007--1015},
  year={2011},
  publisher={Elsevier}
}
@techreport{analytics2010achieving,
  title={Achieving high performance in smart grid data management: Making sense of the data deluge},
  author={Analytics, A},
  year={2010},
  institution={Accenture Analytics, Tech. Rep}
}
@article{janetzko2014anomaly,
  title={Anomaly detection for visual analytics of power consumption data},
  author={Janetzko, Halld{\'o}r and Stoffel, Florian and Mittelst{\"a}dt, Sebastian and Keim, Daniel A},
  journal={Computers \& Graphics},
  volume={38},
  pages={27--37},
  year={2014},
  publisher={Elsevier}
}
@inproceedings{agarwal2009energy,
  title={The energy dashboard: improving the visibility of energy consumption at a campus-wide scale},
  author={Agarwal, Yuvraj and Weng, Thomas and Gupta, Rajesh K},
  booktitle={Proceedings of the First ACM Workshop on Embedded Sensing Systems for Energy-Efficiency in Buildings},
  pages={55--60},
  year={2009},
  organization={ACM}
}
@article{catterson2010online,
  title={Online conditional anomaly detection in multivariate data for transformer monitoring},
  author={Catterson, Victoria M and McArthur, Stephen DJ and Moss, Graham},
  journal={IEEE Transactions on Power Delivery},
  volume={25},
  number={4},
  pages={2556--2564},
  year={2010},
  publisher={IEEE}
}
@article{mcarthur2005agent,
  title={An agent-based anomaly detection architecture for condition monitoring},
  author={McArthur, Stephen DJ and Booth, Campbell D and McDonald, JR and McFadyen, Ian T},
  journal={IEEE Transactions on Power Systems},
  volume={20},
  number={4},
  pages={1675--1682},
  year={2005},
  publisher={IEEE}
}
@inproceedings{jakkula2010outlier,
  title={Outlier detection in smart environment structured power datasets},
  author={Jakkula, Vikramaditya and Cook, Diane},
  booktitle={Intelligent Environments (IE), 2010 Sixth International Conference on},
  pages={29--33},
  year={2010},
  organization={IEEE}
}
@article{seem2007using,
  title={Using intelligent data analysis to detect abnormal energy consumption in buildings},
  author={Seem, John E},
  journal={Energy and Buildings},
  volume={39},
  number={1},
  pages={52--58},
  year={2007},
  publisher={Elsevier}
}
@inproceedings{hao2011visual,
  title={A Visual Analytics Approach for Peak-Preserving Prediction of Large Seasonal Time Series},
  author={Hao, Ming C and Janetzko, Halldor and Mittelst{\"a}dt, Sebastian and Hill, Water and Dayal, Umeshwar and Keim, Daniel A and Marwah, Manish and Sharma, Ratnesh K},
  booktitle={Computer Graphics Forum},
  volume={30},
  number={3},
  pages={691--700},
  year={2011},
  organization={Wiley Online Library}
}
@inproceedings{bellala2012following,
  title={Following the electrons: methods for power management in commercial buildings},
  author={Bellala, Gowtham and Marwah, Manish and Arlitt, Martin and Lyon, Geoff and Bash, Cullen},
  booktitle={Proceedings of the 18th ACM SIGKDD international conference on Knowledge discovery and data mining},
  pages={994--1002},
  year={2012},
  organization={ACM}
}
@inproceedings{bellala2011towards,
  title={Towards an understanding of campus-scale power consumption},
  author={Bellala, Gowtham and Marwah, Manish and Arlitt, Martin and Lyon, Geoff and Bash, Cullen E},
  booktitle={Proceedings of the Third ACM Workshop on Embedded Sensing Systems for Energy-Efficiency in Buildings},
  pages={73--78},
  year={2011},
  organization={ACM}
}
@misc{ben7utilities,
   author = "Ben Packer",
   title = "7 reasons why utilities should be using machine learning",
   year = "2015",
   url = "\url{https://blog.opower.com/2015/03/utilities-machine-learning/}",
   note = "[Online; accessed 2016-09-15]"
 }
@article{perl2009outlier,
  title={Outlier detection with globally optimal exemplar-based GMM},
  author={Perl, Y and Pnueli, Amir},
  year={2009},
  publisher={SIAM}
}
@article{chen2016data,
  title={Data quality of electricity consumption data in a smart grid environment},
  author={Chen, Wen and Zhou, Kaile and Yang, Shanlin and Wu, Cheng},
  journal={Renewable and Sustainable Energy Reviews},
  year={2016},
  publisher={Elsevier}
}
@inproceedings{zhang2005new,
  title={A new pretreatment approach of eliminating abnormal data in discrete time series},
  author={Zhang, Jun and Wang, Hong},
  booktitle={Proceedings. 2005 IEEE International Geoscience and Remote Sensing Symposium, 2005. IGARSS'05.},
  volume={1},
  pages={4--pp},
  year={2005},
  organization={IEEE}
}
@inproceedings{xu2014application,
  title={Application of change-point analysis to abnormal wind power data detection},
  author={Xu, Man and Lu, Zongxiang and Qiao, Ying and Wang, Ningbo and Zhou, Shiyuan},
  booktitle={2014 IEEE PES General Meeting| Conference \& Exposition},
  pages={1--5},
  year={2014},
  organization={IEEE}
}
@inproceedings{dasu1999hunting,
  title={Hunting of the Snark: Finding Data Glitches using Data Mining Methods.},
  author={Dasu, Tamraparni and Johnson, Theodore},
  booktitle={IQ},
  pages={89--98},
  year={1999},
  organization={Citeseer}
}
@inproceedings{yu2011detecting,
  title={Detecting abnormal semantic web data using semantic dependency},
  author={Yu, Yang and Li, Yingjie and Heflin, Jeff},
  booktitle={Semantic Computing (ICSC), 2011 Fifth IEEE International Conference on},
  pages={154--157},
  year={2011},
  organization={IEEE}
}
@article{huang2004enhancement,
  title={Enhancement of anomalous data mining in power system predicting-aided state estimation},
  author={Huang, Shyh-Jier and Lin, Jeu-Min and others},
  journal={IEEE Transactions on Power Systems Pwrs},
  volume={19},
  number={1},
  pages={610--619},
  year={2004},
  publisher={Institute of Electrical and Electronics Engineers}
}
@article{pham2014anomaly,
  title={Anomaly detection in large-scale data stream networks},
  author={Pham, Duc-Son and Venkatesh, Svetha and Lazarescu, Mihai and Budhaditya, Saha},
  journal={Data Mining and Knowledge Discovery},
  volume={28},
  number={1},
  pages={145--189},
  year={2014},
  publisher={Springer}
}
@misc{mao2005principle,
  title={Principle and algorithm of data mining},
  author={Mao, Guojun and Duan, Li-Juan and Wang, Shi and Shi, Yun},
  year={2005},
  publisher={BeiJing: TsingHua University Press, pp78-80}
}
@inproceedings{al2012synchrophasor,
  title={Synchrophasor-based data mining for power system fault analysis},
  author={Al Karim, Miftah and Chenine, Moustafa and Zhu, Kun and Nordstrom, Lars and Nordstr{\"o}m, Lars},
  booktitle={2012 3rd IEEE PES Innovative Smart Grid Technologies Europe (ISGT Europe)},
  pages={1--8},
  year={2012},
  organization={IEEE}
}
@article{chen2006placement,
  title={Placement of PMUs to enable bad data detection in state estimation},
  author={Chen, Jian and Abur, Ali},
  journal={IEEE Transactions on Power Systems},
  volume={21},
  number={4},
  pages={1608--1615},
  year={2006},
  publisher={IEEE}
}
@inproceedings{tarali2012bad,
  title={Bad data detection in two-stage state estimation using phasor measurements},
  author={Tarali, Aditya and Abur, Ali},
  booktitle={2012 3rd IEEE PES Innovative Smart Grid Technologies Europe (ISGT Europe)},
  pages={1--8},
  year={2012},
  organization={IEEE}
}
@inproceedings{hink2014machine,
  title={Machine learning for power system disturbance and cyber-attack discrimination},
  author={Hink, Raymond C Borges and Beaver, Justin M and Buckner, Mark A and Morris, Tommy and Adhikari, Uttam and Pan, Shengyi},
  booktitle={Resilient Control Systems (ISRCS), 2014 7th International Symposium on},
  pages={1--8},
  year={2014},
  organization={IEEE}
}
@article{pan2015developing,
  title={Developing a hybrid intrusion detection system using data mining for power systems},
  author={Pan, Shengyi and Morris, Thomas and Adhikari, Uttam},
  journal={IEEE Transactions on Smart Grid},
  volume={6},
  number={6},
  pages={3104--3113},
  year={2015},
  publisher={IEEE}
}
@article{landford2015fast,
  title={Fast Sequence Component Analysis for Attack Detection in Synchrophasor Networks},
  author={Landford, Jordan and Meier, Rich and Barella, Richard and Zhao, Xinghui and Cotilla-Sanchez, Eduardo and Bass, Robert B and Wallace, Scott},
  journal={arXiv preprint arXiv:1509.05086},
  year={2015}
}
@article{van2009dimensionality,
  title={Dimensionality reduction: a comparative},
  author={Van Der Maaten, Laurens and Postma, Eric and Van den Herik, Jaap},
  journal={J Mach Learn Res},
  volume={10},
  pages={66--71},
  year={2009}
}
@article{xie2014dimensionality,
  title={Dimensionality reduction of synchrophasor data for early event detection: Linearized analysis},
  author={Xie, Le and Chen, Yang and Kumar, PR},
  journal={IEEE Transactions on Power Systems},
  volume={29},
  number={6},
  pages={2784--2794},
  year={2014},
  publisher={IEEE}
}
@inproceedings{dahal2012online,
  title={Online dimension reduction of synchrophasor data},
  author={Dahal, Nischal and King, Roger L and Madani, Vahid},
  booktitle={Transmission and Distribution Conference and Exposition (T\&D), 2012 IEEE PES},
  pages={1--7},
  year={2012},
  organization={IEEE}
}
@article{gungor2011smart,
  title={Smart grid technologies: Communication technologies and standards},
  author={Gungor, Vehbi C and Sahin, Dilan and Kocak, Taskin and Ergut, Salih and Buccella, Concettina and Cecati, Carlo and Hancke, Gerhard P},
  journal={IEEE transactions on Industrial informatics},
  volume={7},
  number={4},
  pages={529--539},
  year={2011},
  publisher={IEEE}
}
@article{chan2012load,
  title={Load/price forecasting and managing demand response for smart grids: Methodologies and challenges},
  author={Chan, Shing-Chow and Tsui, Kai Man and Wu, HC and Hou, Yunhe and Wu, Yik-Chung and Wu, Felix F},
  journal={IEEE Signal Processing Magazine},
  volume={29},
  number={5},
  pages={68--85},
  year={2012},
  publisher={IEEE}
}
@article{liu2012cyber,
  title={Cyber security and privacy issues in smart grids},
  author={Liu, Jing and Xiao, Yang and Li, Shuhui and Liang, Wei and Chen, CL Philip},
  journal={IEEE Communications Surveys \& Tutorials},
  volume={14},
  number={4},
  pages={981--997},
  year={2012},
  publisher={IEEE}
}
@article{gann2011physical,
  title={Physical--digital integration in city infrastructure},
  author={Gann, David M and Dodgson, Mark and Bhardwaj, Dheeraj},
  journal={IBM Journal of Research and Development},
  volume={55},
  number={1.2},
  pages={8--1},
  year={2011},
  publisher={IBM}
}
@article{clastres2011smart,
  title={Smart grids: Another step towards competition, energy security and climate change objectives},
  author={Clastres, C{\'e}dric},
  journal={Energy Policy},
  volume={39},
  number={9},
  pages={5399--5408},
  year={2011},
  publisher={Elsevier}
}
@article{liang2007use,
  title={The use of unlabeled data in predictive modeling},
  author={Liang, Feng and Mukherjee, Sayan and West, Mike},
  journal={Statistical Science},
  pages={189--205},
  year={2007},
  publisher={JSTOR}
}
@article{rogers2002death,
  title={Death by Assessment: How Much Data Are Too Much?},
  author={Rogers, Gloria},
  journal={Communications Link},
  year={2002}
}
@book{marinai2007machine,
  title={Machine learning in document analysis and recognition},
  author={Marinai, Simone and Fujisawa, Hiromichi},
  volume={90},
  year={2007},
  publisher={Springer}
}
@article{brownlee2013prepare,
  title={How to Prepare Data for Machine Learning},
  author={Brownlee, Jason},
  journal={Machine Learning Mastery},
  volume={25},
  year={2013}
}
@article{larsen1985box,
  title={Box-and-whisker plots},
  author={Larsen, Russell D},
  journal={J. Chem. Educ},
  volume={62},
  number={4},
  pages={302},
  year={1985},
  publisher={ACS Publications}
}
